<record><leader>00000cas a22000007a 4500</leader><controlfield tag="001">10009935</controlfield><controlfield tag="008">831013d18631863ohudr ne      0    0eng d</controlfield><datafield ind1=" " ind2=" " tag="010"><subfield code="a">sn 83035544 </subfield></datafield><datafield ind1=" " ind2=" " tag="040"><subfield code="a">NPY</subfield><subfield code="b">eng</subfield><subfield code="c">NPY</subfield><subfield code="d">OCLCQ</subfield></datafield><datafield ind1=" " ind2=" " tag="042"><subfield code="a">msc</subfield></datafield><datafield ind1="0" ind2="4" tag="245"><subfield code="a">The Conference daily.</subfield></datafield><datafield ind1=" " ind2=" " tag="260"><subfield code="a">Coshocton [Ohio :</subfield><subfield code="b">s.n.],</subfield><subfield code="c">1863.</subfield></datafield><datafield ind1=" " ind2=" " tag="300"><subfield code="a">1 v. ;</subfield><subfield code="c">32 cm.</subfield></datafield><datafield ind1=" " ind2=" " tag="310"><subfield code="a">Daily (except Sun.)</subfield></datafield><datafield ind1="0" ind2=" " tag="362"><subfield code="a">No. 1 (Mar. 18, 1863)-no. 6 (Mar. 24, 1863).</subfield></datafield><datafield ind1=" " ind2=" " tag="500"><subfield code="a">"Published at the office of the Coshocton Age."</subfield></datafield><datafield ind1=" " ind2=" " tag="500"><subfield code="a">"Will be published ... during the [ME Pittsburgh] conference. It will contain full proceedings of the conference. Interesting biographical sketches of notable members of the conference. Readable miscellany, news, local intelligence, etc."</subfield></datafield><datafield ind1=" " ind2=" " tag="752"><subfield code="a">United States</subfield><subfield code="b">Ohio</subfield><subfield code="c">Coshocton</subfield><subfield code="d">Coshocton.</subfield></datafield></record>